<?xml version="1.0" encoding="UTF-8"?><collection xmlns="http://www.loc.gov/MARC21/slim"><record><leader>00522nam--2200169-u-4500</leader><controlfield tag="001">000056810</controlfield><controlfield tag="002">20191023</controlfield><controlfield tag="005">20191023040206</controlfield><controlfield tag="008">191023s1000------------r-----000-0-eng-d</controlfield><datafield ind1=" " ind2=" " tag="041"><subfield code="a">eng</subfield></datafield><datafield ind1="1" ind2=" " tag="110"><subfield code="a">European Joint Committee on Plasma and Ion Surface Engineering (EJC/PISE)</subfield></datafield><datafield ind1="1" ind2="0" tag="245"><subfield code="a">Twelfth International Conference on Plasma Surface Engineering</subfield></datafield><datafield ind1=" " ind2=" " tag="260"><subfield code="a">Germany</subfield><subfield code="b">Garmisch-Partenkirchen</subfield><subfield code="c">2010</subfield></datafield><datafield ind1=" " ind2=" " tag="300"><subfield code="a">136 p</subfield></datafield><datafield ind1=" " ind2=" " tag="500"><subfield code="a">donatie Gheorghe Dinescu</subfield></datafield><datafield ind1=" " ind2=" " tag="852"><subfield code="a">82737</subfield><subfield code="c">061,3</subfield></datafield><datafield ind1=" " ind2=" " tag="CAT"><subfield code="a">SYS</subfield><subfield code="c">20191023</subfield><subfield code="h">040206</subfield></datafield></record></collection>